@article{chu2016feature,
  title={Feature screening for time-varying coefficient models with ultrahigh dimensional longitudinal data},
  author={Chu, Wanghuan and Li, Runze and Reimherr, Matthew},
  journal={The annals of applied statistics},
  volume={10},
  number={2},
  pages={596},
  year={2016},
  publisher={NIH Public Access}
}